@inproceedings{Borovska:2011:PMS:2023607.2023644,
 author = {Borovska, Plamenka and Lazarova, Milena},
 title = {Parallel Models for Sequence Alignment on CPU and GPU},
 booktitle = {Proceedings of the 12th International Conference on Computer Systems and Technologies},
 series = {CompSysTech '11},
 year = {2011},
 isbn = {978-1-4503-0917-2},
 location = {Vienna, Austria},
 pages = {210--215},
 numpages = {6},
 url = {http://doi.acm.org/10.1145/2023607.2023644},
 doi = {10.1145/2023607.2023644},
 acmid = {2023644},
 publisher = {ACM},
 address = {New York, NY, USA},
 keywords = {CUDA, GPGPU, OpenCL, OpenMP, Smith-Waterman, bioinformatics, sequence alignment},
} 

@article{2010,
  title={Accelerating Smith-Waterman Algorithm for Biological Database Search on CUDA-Compatible GPUs},
  author={Yuma MUNEKAWA and Fumihiko INO and Kenichi HAGIHARA},
  journal={IEICE Transactions on Information and Systems},
  volume={E93.D},
  number={6},
  pages={1479-1488},
  year={2010},
  doi={10.1587/transinf.E93.D.1479}
}

@INPROCEEDINGS{5289129, 
author={Lawlor, O.S.}, 
booktitle={Cluster Computing and Workshops, 2009. CLUSTER '09. IEEE International Conference on}, 
title={Message passing for GPGPU clusters: CudaMPI}, 
year={2009}, 
month={Aug}, 
pages={1-8}, 
keywords={computer graphics;message passing;parallel processing;GPGPU clusters;communication libraries;cudaMPI;distributed-memory parallel computer;glMPI;graphics cards;message passing interface;software design;Application software;Computer graphics;Computer interfaces;Computer networks;Concurrent computing;Distributed computing;Message passing;Performance analysis;Software design;Software libraries}, 
doi={10.1109/CLUSTR.2009.5289129}, 
ISSN={1552-5244},}

@ARTICLE{4490127, 
author={Owens, J.D. and Houston, M. and Luebke, D. and Green, S. and Stone, J.E. and Phillips, J.C.}, 
journal={Proceedings of the IEEE}, 
title={GPU Computing}, 
year={2008}, 
month={May}, 
volume={96}, 
number={5}, 
pages={879-899}, 
keywords={computer graphic equipment;microcomputers;parallel programming;GPU computing;computational biophysics;game physics;general-purpose computing;graphics engine;graphics processing unit;high-performance computer system;memory bandwidth;microprocessor;parallel computing;parallel programmable processor;peak arithmetic;programming model;Arithmetic;Bandwidth;Central Processing Unit;Computational biophysics;Engines;Graphics;Hardware;Microprocessors;Performance gain;Physics computing;GPU computing;General-purpose computing on the graphics processing unit (GPGPU);parallel computing}, 
doi={10.1109/JPROC.2008.917757}, 
ISSN={0018-9219},}

@ARTICLE{5009071, 
author={Flynn, M.}, 
journal={Computers, IEEE Transactions on}, 
title={Some Computer Organizations and Their Effectiveness}, 
year={1972}, 
month={Sept}, 
volume={C-21}, 
number={9}, 
pages={948-960}, 
keywords={Automata;Computer aided instruction;Concurrent computing;Parallel processing;Performance evaluation;Time sharing computer systems;Transmission electron microscopy;Computer organization;instruction stream;overlapped;parallel processors;resource hierarchy}, 
doi={10.1109/TC.1972.5009071}, 
ISSN={0018-9340},}

@INPROCEEDINGS{6047190, 
author={Jianbin Fang and Varbanescu, A.L. and Sips, H.}, 
booktitle={Parallel Processing (ICPP), 2011 International Conference on}, 
title={A Comprehensive Performance Comparison of CUDA and OpenCL}, 
year={2011}, 
month={Sept}, 
pages={216-225}, 
keywords={benchmark testing;computer graphic equipment;coprocessors;multiprocessing systems;parallel architectures;parallel programming;parallelising compilers;CUDA;NVIDIA GPU;OpenCL portability;architectural detail;compilers;optimization strategy;performance comparison;performance gap;programming model;Benchmark testing;Computational modeling;Graphics processing unit;Kernel;Performance evaluation;Programming;CUDA;OpenCL;Performance Comparison}, 
doi={10.1109/ICPP.2011.45}, 
ISSN={0190-3918},}

@MISC{opencl10pressrelease,
  author = {The Khronos Group},
  title = {The Khronos Group Releases OpenCL 1.0 Specification},
  howpublished = {Press Release},
  month = {Dec},
  year = {2008},
  note = {\url{https://www.khronos.org/news/press/the_khronos_group_releases_opencl_1.0_specification}},}

@MISC{ADOCLPfCA,
  author = {Matthias Noack},
  title = {A Distributed OpenCL Platform for Cluster Architectures},
  howpublished = {PDF document},
  month = {Nov},
  year = {2011},
  note = {\url{http://www.dcl.hpi.uni-potsdam.de/research/futuresoc/fgbs2011/slides/mnoack_hpi_2011-11-11.pdf}},}

@MISC{opencl20pressrelease,
  author = {The Khronos Group},
  title = {Khronos Releases OpenCL 2.0},
  howpublished = {Press Release},
  month = {Jul},
  year = {2013},
  note = {\url{https://www.khronos.org/news/press/khronos-releases-opencl-2.0}},}

% Optional fields: author, title, howpublished, month, year, note
@MISC{khronosconformance,
    title={Conformant Products},
    howpublished={Online},
    note={\url{http://www.khronos.org/conformance/adopters/conformant-products/}},
}

% Optional fields: author, title, howpublished, month, year, note
@MISC{cudagpus,
    title={CUDA GPUs},
    howpublished={Online},
    note={\url{https://developer.nvidia.com/cuda-gpus}},
}

% Optional fields: author, title, howpublished, month, year, note
@MISC{advancedopenclevent,
title={Advanced OpenCL Event Model Usage},
author={Derek Gerstmann},
howpublished={SIGGRAPH Asia 2009 Course},
note={\url{http://sa09.idav.ucdavis.edu/}},
}
  
}

@MISC{MPI-2.2,
  author={{MPI Forum}},
  title={{\textsf{MPI}: A Message-Passing Interface Standard. Version 2.2}},
  note={available at: \url{http://www.mpi-forum.org} (Jan. 2014)},
  month={September 4th},
  year={2009},
}

@MISC{MPI-3.0,
  author={{MPI Forum}},
  title={{\textsf{MPI}: A Message-Passing Interface Standard. Version 3.0}},
  note={available at: \url{http://www.mpi-forum.org} (Jan. 2014)},
  day={21},
  month={September},
  year={2012},
}

@MISC{openmpiwebsite,
    title={Open MPI: Open Source High Performance Computing},
    howpublished={Online},
    note={\url{http://www.open-mpi.org/}},
}

% Optional fields: author, title, howpublished, month, year, note
@MISC{openmpi165doc,
    title={Open MPI v1.6 documentation},
    howpublished={Online},
    note={\url{http://www.open-mpi.org/doc/v1.6/}},
 
}

@MISC{opencl11refs,
    title={OpenCL 1.1 Reference Pages},
    howpublished={Online},
    note={\url{http://www.khronos.org/registry/cl/sdk/1.1/docs/man/xhtml/}},
}

% Optional fields: author, title, howpublished, month, year, note
@MISC{opencldatatypes,
title={OpenCL 1.2 Data Types},
howpublished={Online},
note={\url{http://www.khronos.org/registry/cl/sdk/1.2/docs/man/xhtml/dataTypes.html}}
}
  
% Optional fields: author, title, howpublished, month, year, note
@MISC{leakingmpi,
  title={Friends Don't Let Friends Leak MPI\_Requests},
  author={Jeff Squyres},
  howpublished={Online},
  note={\url{http://www.slideshare.net/jsquyres/friends-dont-let-friends-leak-mpirequests}},
}

@Book{heath1986hypercube,
 author = {Heath, Michael},
 title = {Hypercube multiprocessors, 1986 : proceedings of the First Conference on Hypercube Multiprocessors, Knoxville, Tennessee, August 24-27, 1985},
 publisher = {SIAM},
 year = {1986},
 address = {Philadelphia},
 isbn = {0898712092},
 }

 % Optional fields: author, title, howpublished, month, year, note
 @MISC{clara,
     title={CLara},
     howpublished={Online},
     note={\url{https://www.alpha-tierchen.de/~bkoenig/clara/}},
 }

 % Optional fields: author, title, howpublished, month, year, note
 @MISC{virtualcl,
    title={VirtualCL},
    howpublished={Online},
    note={\url{http://www.mosix.org/txt_vcl.html}},
}

% Optional fields: author, title, howpublished, month, year, note
@MISC{chuckaknightintrinsictypeconversion,
  title={Intrinsic Type Conversion Using Template Specialization},
  author={Chuck Knight},
  howpublished={Online},
  note={\url{http://chuckaknight.wordpress.com/2013/03/13/intrinsic-type-conversion-using-template-specialization/}},
} 

% Optional fields: author, title, howpublished, month, year, note
@MISC{snucl,
    title={SnuCL},
    howpublished={Online},
    note={\url{http://snucl.snu.ac.kr/}},
}

@inproceedings{Kim:2012:SOF:2304576.2304623,
 author = {Kim, Jungwon and Seo, Sangmin and Lee, Jun and Nah, Jeongho and Jo, Gangwon and Lee, Jaejin},
 title = {SnuCL: An OpenCL Framework for Heterogeneous CPU/GPU Clusters},
 booktitle = {Proceedings of the 26th ACM International Conference on Supercomputing},
 series = {ICS '12},
 year = {2012},
 isbn = {978-1-4503-1316-2},
 location = {San Servolo Island, Venice, Italy},
 pages = {341--352},
 numpages = {12},
 url = {http://doi.acm.org/10.1145/2304576.2304623},
 doi = {10.1145/2304576.2304623},
 acmid = {2304623},
 publisher = {ACM},
 address = {New York, NY, USA},
 keywords = {clusters, heterogeneous computing, opencl, programming models},
} 

% Optional fields: author, title, howpublished, month, year, note
@MISC{boinc,
  title={BOINC},
  howpublished={Online},
  note={\url{http://boinc.berkeley.edu/}},
}

% Optional fields: author, title, howpublished, month, year, note
@MISC{applehelloworld,
  title={Apple OpenCL Hello World Example},
  howpublished={Online},
  note={\url{https://developer.apple.com/library/mac/samplecode/OpenCL_Hello_World_Example}}, 
}

@incollection{mpioverhead
year={2006},
isbn={978-3-540-39110-4},
booktitle={Recent Advances in Parallel Virtual Machine and Message Passing Interface},
volume={4192},
series={Lecture Notes in Computer Science},
editor={Mohr, Bernd and Tr√§ff, JesperLarsson and Worringen, Joachim and Dongarra, Jack},
doi={10.1007/11846802_46},
title={Measuring MPI Send and Receive Overhead and Application Availability in High Performance Network Interfaces},
url={http://dx.doi.org/10.1007/11846802_46},
publisher={Springer Berlin Heidelberg},
keywords={MPI; Overhead; Availability; High Performance Computing; High Speed Networks},
author={Doerfler, Douglas and Brightwell, Ron},
pages={331-338}
}
